<?xml version="1.0" encoding="UTF-8"?><collection xmlns="http://www.loc.gov/MARC21/slim"><record><leader>00375nam--2200133-i-4500</leader><controlfield tag="001">000019340</controlfield><controlfield tag="002">20161230</controlfield><controlfield tag="005">20161230201033</controlfield><controlfield tag="008">060222s1000------------r-----000-0-eng-d</controlfield><datafield ind1=" " ind2=" " tag="080"><subfield code="a">546:66.084:541.4</subfield></datafield><datafield ind1=" " ind2=" " tag="100"><subfield code="a">Ferraro, John R</subfield></datafield><datafield ind1=" " ind2=" " tag="245"><subfield code="a">Low-frequency vibrations of inorganic and coordination compounds</subfield></datafield><datafield ind1=" " ind2=" " tag="260"><subfield code="a">New York, Plenum Press, 1971. Xiv + 309 P</subfield></datafield><datafield ind1=" " ind2=" " tag="852"><subfield code="a">36620</subfield></datafield></record></collection>